%! Author = LENOVO
%! Date = 2024/6/12

